@article{article,
author = {Garfinkel, Chaim and Butler, Amy and Waugh, D. and Hurwitz, M. and Polvani, Lorenzo},
year = {2012},
month = {10},
pages = {19106-},
title = {Why might stratospheric sudden warmings occur with similar frequency in El Niño and La Niña winters?},
volume = {117},
journal = {Journal of Geophysical Research (Atmospheres)},
doi = {10.1029/2012JD017777}
}