@article{article,
author = {Thompson, DWJ},
year = {2003},
month = {07},
pages = {2433-2433},
title = {Stratospheric connection to northern hemisphere wintertime weather: Implications for prediction (vol 15, pg 1421, 2002)},
volume = {16},
journal = {Journal of Climate}
}