@article{Butler2017,
author = {Butler, Amy H. and Sjoberg, Jeremiah P. and Seidel, Dian J. and Rosenlof, Karen H.},
doi = {10.5194/essd-9-63-2017},
volume = {9},
pages = {63-76},
journal = {Earth System Science Data},
title = {A sudden stratospheric warming compendium},
year = {2017}
}

@article {Baldwin_harbingers,
	author = {Baldwin, Mark P. and Dunkerton, Timothy J.},
	title = {Stratospheric Harbingers of Anomalous Weather Regimes},
	volume = {294},
	number = {5542},
	pages = {581--584},
	year = {2001},
	doi = {10.1126/science.1063315},
	publisher = {American Association for the Advancement of Science},
	issn = {0036-8075},
	journal = {Science}
}

@article{Kidston2015,
author = {Kidston, Joseph and Scaife, Adam and Hardiman, Steven and Mitchell, Daniel and Butchart, Neal and Baldwin, Mark and Gray, L.},
year = {2015},
pages = {433-440},
title = {Stratospheric influence on tropospheric jet streams, storm tracks and surface weather},
volume = {8},
journal = {Nature Geoscience},
doi = {10.1038/ngeo2424}
}

@article{Kretschmer2018,
author = {Kretschmer, M. and Cohen, J. and Matthias, V. and Runge, J.and Coumou, D.},
year = {2018},
pages = {433-440},
title = {Stratospheric influence on tropospheric jet streams, storm tracks and surface weather},
volume = {1},
issue = {44},
journal = {npj Climate and Atmospheric Science},
doi = {10.1038/s41612-018-0054-4}
}

@article{Butler2015,
author = {Butler, Amy H. and Seidel, Dian J. and Hardiman, Steven C. and Butchart, Neal and Birner, Thomas and Match, Aaron},
title = {Defining Sudden Stratospheric Warmings},
journal = {Bulletin of the American Meteorological Society},
volume = {96},
number = {11},
pages = {1913-1928},
year = {2015},
doi = {10.1175/BAMS-D-13-00173.1},
}

@article{Pawson1999,
author = {Pawson, Steven and Naujokat, Barbara},
title = {The cold winters of the middle 1990s in the northern lower stratosphere},
journal = {Journal of Geophysical Research: Atmospheres},
volume = {104},
number = {D12},
pages = {14209-14222},
doi = {10.1029/1999JD900211},
year = {1999}
}

@article{Shindell1999,
  author={Shindell, D. T. and Miller, R. L. and Schmidt, G. A. and Pandolfo, L.},
  title={Simulation of recent northern winter climate trends by greenhouse-gas forcing},
  year={1999},
  journal={Nature},
  volume={399},
  pages={452--455},
  doi={10.1038/20905},
}

@article{Manney2005,
author = {Manney, Gloria L. and Krüger, Kirstin and Sabutis, Joseph L. and Sena, Sara Amina and Pawson, Steven},
title = {The remarkable 2003–2004 winter and other recent warm winters in the Arctic stratosphere since the late 1990s},
journal = {Journal of Geophysical Research: Atmospheres},
volume = {110},
number = {D4},
pages = {},
keywords = {interannual variability, stratospheric warmings, stratospheric temperatures},
doi = {10.1029/2004JD005367},
year = {2005}
}

@article{Garfinkel2017,
author = {Garfinkel, Chaim I. and Son, Seok-Woo and Song, Kanghyun and Aquila, Valentina and Oman, Luke D.},
title = {Stratospheric variability contributed to and sustained the recent hiatus in Eurasian winter warming},
journal = {Geophysical Research Letters},
volume = {44},
number = {1},
pages = {374-382},
keywords = {hiatus, stratosphere-troposphere coupling, Eurasian temperature},
doi = {10.1002/2016GL072035},
year = {2017}
}

@article{Schimanke2011,
author = {Schimanke, S. and K{\"{o}}rper, J. and Spangehl, T. and Cubasch, U.},
doi = {10.1029/2010GL045756},
journal = {Geophysical Research Letters},
number = {1},
pages = {1--6},
title = {{Multi-decadal variability of sudden stratospheric warmings in an AOGCM}},
volume = {38},
year = {2011}
}

@article{Manzini2012,
author = {Manzini, Elisa and Cagnazzo, Chiara and Fogli, Pier Giuseppe and Bellucci, Alessio and Müller, Wolfgang A.},
title = {Stratosphere-troposphere coupling at inter-decadal time scales: Implications for the North Atlantic Ocean},
journal = {Geophysical Research Letters},
volume = {39},
number = {5},
doi = {10.1029/2011GL050771},
year = {2012}
}

@article{HoltonJamesRTan1980,
author = {Holton, J. R. and Tan, H. C.},
doi = {10.1175/1520-0469},
journal = {Journal of Atmospheric Sciences},
number = {10},
pages = {2200--2208},
title = {{The Influence of the Equatorial Quasi-Biennial Oscillation on the Global Circulation at 50 mb}},
volume = {37},
year = {1980}
}

@article{Holton1982,
author = {Holton, James R and Tan, Hsiu-Chi},
doi = {10.2151/jmsj1965.60.1_140},
journal = {Journal of the Meteorological Society of Japan},
number = {1},
pages = {140--148},
title = {{The Quasi-Biennial Oscillation in the Northern Hemisphere Lower Stratosphere}},
volume = {60},
year = {1982}
}

@article{Watson2014,
author = {Watson, Peter A.G. and Gray, Lesley J.},
doi = {10.1175/JAS-D-13-096.1},
journal = {Journal of the Atmospheric Sciences},
number = {1},
pages = {391--409},
title = {{How does the quasi-biennial oscillation affect the stratospheric polar vortex?}},
volume = {71},
year = {2014}
}

@article{Baldwin1991,
author = {Baldwin, Mark P and Dunkerton, Timothy J},
number = {7},
pages = {1205--1208},
title = {The Quasi-Biennial Oscillations Above 10mb},
journal = {Geophysical Research Letters},
volume = {18},
year = {1991},
doi = {10.1029/91GL01333}
}

@article{Lu2008,
author = {Lu, Hua and Baldwin, Mark and Gray, L. and Jarvis, Martin},
journal = {Journal of Geophysical Research Atmospheres},
number = {10},
pages = {102--116},
title = {Decadal-scale changes in the effect of the QBO on the northern stratospheric polar vortex},
volume = {113},
year = {2008},
doi = {10.1029/2007JD009647}
}

@article{Pascoe2005,
author = {Pascoe, Charlotte L. and Gray, Lesley J. and Crooks, Simon A. and Juckes, Martin N. and Baldwin, Mark P.},
doi = {10.1029/2004JD004941},
file = {::},
journal = {Journal of Geophysical Research D: Atmospheres},
number = {8},
pages = {1--13},
title = {{The quasi-biennial oscillation: Analysis using ERA-40 data}},
volume = {110},
year = {2005}
}

@article{Marshall2009,
author = {Marshall, Andrew G. and Scaife, Adam A.},
title = {Impact of the QBO on surface winter climate},
journal = {Journal of Geophysical Research: Atmospheres},
volume = {114},
number = {D18},
pages = {},
doi = {10.1029/2009JD011737},
year = {2009}
}

@article{Scaife2014,
author = {Scaife, Adam A. and Athanassiadou, Maria and Andrews, Martin and Arribas, Alberto and Baldwin, Mark and Dunstone, Nick and Knight, Jeff and MacLachlan, Craig and Manzini, Elisa and Müller, Wolfgang A. and Pohlmann, Holger and Smith, Doug and Stockdale, Tim and Williams, Andrew},
title = {Predictability of the quasi-biennial oscillation and its northern winter teleconnection on seasonal to decadal timescales},
journal = {Geophysical Research Letters},
volume = {41},
number = {5},
pages = {1752-1758},
year = {2014}
}

@Article{Gray2018,
AUTHOR = {Gray, L. J. and Anstey, J. A. and Kawatani, Y. and Lu, H. and Osprey, S. and Schenzinger, V.},
TITLE = {Surface impacts of the Quasi Biennial Oscillation},
JOURNAL = {Atmospheric Chemistry and Physics},
VOLUME = {18},
YEAR = {2018},
NUMBER = {11},
PAGES = {8227--8247},
DOI = {10.5194/acp-18-8227-2018}
}

@phdthesis{verena2016a,
  year = {2016},
  edition = {},
  number = {},
  journal = {},
  pages = {},
  publisher = {University of Oxford},
  school = {University of Oxford},
  title = {Tropical stratosphere variability and extratropical teleconnections},
  volume = {},
  author = {Schenzinger, Verena},
  editor = {},
  series = {}
}

@ARTICLE{Wallace1993,
author = {{Wallace}, John M. and {Panetta}, R. Lee and {Estberg}, Jerry},
title = "{Representation of the Equatorial Stratospheric Quasi-Biennial Oscillation in EOF Phase Space.}",
journal = {Journal of Atmospheric Sciences},
year = 1993,
volume = {50},
number = {12},
pages = {1751-1762},
doi = {10.1175/1520-0469},
}

@article{Dunkerton2017,
author = {Dunkerton, T. J.},
title = {Nearly identical cycles of the quasi-biennial oscillation in the equatorial lower stratosphere},
journal = {Journal of Geophysical Research: Atmospheres},
volume = {122},
number = {16},
pages = {8467-8493},
doi = {10.1002/2017JD026542},
year = {2017}
}

@ARTICLE{Fraedrih1993,
       author = {{Fraedrich}, Klaus and {Pawson}, Steven and {Wang}, Risheng},
        title = "{An EOF Analysis of the Vertical-Time Delay Structure of the Quasi-Biennial Oscillation.}",
      journal = {Journal of Atmospheric Sciences},
         year = 1993,
       volume = {50},
       number = {20},
        pages = {3357-3365},
          doi = {10.1175/1520-0469}
}

@article{Andrews2019,
author = {Andrews, Martin B. and Knight, Jeff R. and Scaife, Adam A. and Lu, Yixiong and Wu, Tongwen and Gray, Lesley J. and Schenzinger, Verena},
title = {Observed and Simulated Teleconnections Between the Stratospheric Quasi-Biennial Oscillation and Northern Hemisphere Winter Atmospheric Circulation},
journal = {Journal of Geophysical Research: Atmospheres},
volume = {124},
number = {3},
pages = {1219-1232},
doi = {10.1029/2018JD029368},
year = {2019}
}

@article{Anstey2008,
author = {Anstey, J. A. and Shepherd, T. G.},
title = {Response of the northern stratospheric polar vortex to the seasonal alignment of QBO phase transitions},
journal = {Geophysical Research Letters},
volume = {35},
number = {22},
doi = {10.1029/2008GL035721},
year = {2008}
}

@article{Yang2016,
author = {Yang, M. and Yu, Y.},
title = {Attribution of variations in the quasi-biennial oscillation period from the duration of easterly and westerly phases},
journal = {Climate Dynamics},
volume = {47},
pages = {1943–1959},
doi = {10.1007/s00382-015-2943-0},
year = {2016}
}

@article{Smith2008,
author = {Smith, Anne K. and Matthes, Katja},
title = {Decadal-scale periodicities in the stratosphere associated with the solar cycle and the QBO},
journal = {Journal of Geophysical Research: Atmospheres},
volume = {113},
number = {D5},
keywords = {ozone, stratosphere, solar cycle},
doi = {10.1029/2007JD009051},
year = {2008}
}


@article{Torrence1998,
author = {Torrence, Christopher and Compo, Gilbert P.},
doi = {10.1175/1520-0477},
journal = {Bulletin of the American Meteorological Society},
title = {{A Practical Guide to Wavelet Analysis}},
year = {1998}
}

@ARTICLE{Daubechies, 
author={I. {Daubechies}}, 
journal={IEEE Transactions on Information Theory}, 
title={The wavelet transform, time-frequency localization and signal analysis}, 
year={1990}, 
volume={36}, 
number={5}, 
pages={961-1005}, 
doi={10.1109/18.57199},
}

@article{Butchart2000,
    author = {Butchart, Neal and Austin, John and Knight, Jeffrey R. and Scaife, Adam A. and Gallani, Mark L.},
    title = "{The Response of the Stratospheric Climate to Projected Changes in the Concentrations of Well-Mixed Greenhouse Gases from 1992 to 2051}",
    journal = {Journal of Climate},
    volume = {13},
    number = {13},
    pages = {2142-2159},
    year = {2000},
    doi = {10.1175/1520-0442}
}

@article{Nitta1989,
title = {Recent warming of tropical sea surface temperature and its relationship to the northern hemisphere circulation},
author = {Tsuyoshi, N. and Shingo, Y.},
journal = {Journal of the Meteorological Society of Japan},
volume = {67:3},
year = {1989},
doi={10.2151/jmsj1965.67.3_375}
}

@article{Trenberth1994,
author = {Trenberth, Kevin and Hurrell, J.W},
year = {1994},
pages = {303-319},
title = {Decadal Atmosphere-Ocean Variations in the Pacific},
volume = {9},
journal = {Climate Dynamics},
doi = {10.1007/BF00204745}
}

@article{Zhang1997,
    author = {Zhang, Yuan and Wallace, John M. and Battisti, David S.},
    title = "{ENSO-like Interdecadal Variability: 1900–93}",
    journal = {Journal of Climate},
    volume = {10},
    number = {5},
    pages = {1004-1020},
    year = {1997},
    issn = {0894-8755},
    doi = {10.1175/1520-0442},
}

@article{Overland1999,
    author = {Overland, James E. and Adams, Jennifer Miletta and Bond, Nicholas A.},
    title = "{Decadal Variability of the Aleutian Low and Its Relation to High-Latitude Circulation}",
    journal = {Journal of Climate},
    volume = {12},
    number = {5},
    pages = {1542-1548},
    year = {1999},
    issn = {0894-8755},
    doi = {10.1175/1520-0442},
}

@Article{SUGIMOTO2009,
  author  = {Shusaku Sugimoto and Kimio Hanawa},
  title   = {Decadal and Interdecadal Variations of the Aleutian Low Activity and Their Relation to Upper Oceanic Variations over the North Pacific},
  journal = {Journal of the Meteorological Society of Japan. Ser. II},
  year    = {2009},
  volume  = {87},
  number  = {4},
  pages   = {601-614},
  doi     = {10.2151/jmsj.87.601},
}


@article{Minobe,
author = {Minobe, Shoshiro},
title = {Resonance in bidecadal and pentadecadal climate oscillations over the North Pacific: Role in climatic regime shifts},
journal = {Geophysical Research Letters},
volume = {26},
number = {7},
pages = {855-858},
doi = {10.1029/1999GL900119},
year = {1999}
}

@article{Raible2005,
author = {Raible, Christoph and Stocker, Thomas and Yoshimori, M and Renold, Manuel and Beyerle, Urs and Casty, Carlo and Luterbacher, Jürg},
year = {2005},
pages = {},
title = {Northern Hemispheric Trends of Pressure Indices and Atmospheric Circulation Patterns in Observations, Reconstructions, and Coupled GCM Simulations},
volume = {18},
journal = {Journal of Climate},
doi = {10.1175/JCLI3511.1}
}

@ARTICLE{Woo2015,
       author = {{Woo}, Sung-Ho and {Sung}, Mi-Kyung and {Son}, Seok-Woo and
         {Kug}, Jong-Seong},
        title = "{Connection between weak stratospheric vortex events and the Pacific Decadal Oscillation}",
      journal = {Climate Dynamics},
         year = 2015,
       volume = {45},
       number = {11-12},
        pages = {3481-3492},
          doi = {10.1007/s00382-015-2551-z},
}

@article{hu2018,
    author = {Hu, Dingzhu and Guan, Zhaoyong},
    title = "{Decadal Relationship between the Stratospheric Arctic Vortex and Pacific Decadal Oscillation}",
    journal = {Journal of Climate},
    volume = {31},
    number = {9},
    pages = {3371-3386},
    year = {2018},
    doi = {10.1175/JCLI-D-17-0266.1},
}

@article{kren2016,
    author = {Kren, A. C. and Marsh, D. R. and Smith, A. K. and Pilewskie, P.},
    title = "{Wintertime Northern Hemisphere Response in the Stratosphere to the Pacific Decadal Oscillation Using the Whole Atmosphere Community Climate Model}",
    journal = {Journal of Climate},
    volume = {29},
    number = {3},
    pages = {1031-1049},
    year = {2016},
    doi = {10.1175/JCLI-D-15-0176.1},
}

@article{Garfinkel2012whymight,
author = {Garfinkel, Chaim and Butler, Amy and Waugh, D. and Hurwitz, M. and Polvani, Lorenzo},
year = {2012},
month = {10},
pages = {19106-},
title = {Why might stratospheric sudden warmings occur with similar frequency in El Niño and La Niña winters?},
volume = {117},
journal = {Journal of Geophysical Research (Atmospheres)},
doi = {10.1029/2012JD017777}
}

@article{Kang2017,
    author = {Kang, Wanying and Tziperman, Eli},
    title = "{More Frequent Sudden Stratospheric Warming Events due to Enhanced MJO Forcing Expected in a Warmer Climate}",
    journal = {Journal of Climate},
    volume = {30},
    number = {21},
    pages = {8727-8743},
    year = {2017},
    doi = {10.1175/JCLI-D-17-0044.1},
}

@article{Domeison2019_hiatus,
author = {Domeisen, Daniela I.V.},
title = {Estimating the Frequency of Sudden Stratospheric Warming Events From Surface Observations of the North Atlantic Oscillation},
journal = {Journal of Geophysical Research: Atmospheres},
volume = {124},
number = {6},
pages = {3180-3194},
keywords = {North Atlantic Oscillation, sudden stratospheric warming, stratosphere-troposphere coupling, reconstruction, upper atmosphere},
doi = {https://doi.org/10.1029/2018JD030077},
year = {2019}
}

@article{Domeison2019,
author = {Domeisen, D. and Garfinkel, C.I. and Butler, A.H.},
title = {The Teleconnection of El Niño Southern Oscillation to the Stratosphere},
journal = {Reviews of Geophysics},
volume = {57},
number = {1},
pages = {5-47},
keywords = {stratosphere, El Nino Southern Oscillation, teleconnection},
doi = {10.1029/2018RG000596},
year = {2019}
}

@article{Garfinkel2008,
author = {Garfinkel, C. I. and Hartmann, D. L.},
title = {Different ENSO teleconnections and their effects on the stratospheric polar vortex},
journal = {Journal of Geophysical Research: Atmospheres},
volume = {113},
number = {D18},
pages = {},
keywords = {ENSO, troposphere-stratsophere interactions, polar vortex},
doi = {10.1029/2008JD009920},
year = {2008}
}

@ARTICLE{Ineson2009,
       author = {{Ineson}, S. and {Scaife}, A.~A.},
        title = "{The role of the stratosphere in the European climate response to El Ni{\~n}o}",
      journal = {Nature Geoscience},
         year = 2009,
       volume = {2},
       number = {1},
        pages = {32-36},
          doi = {10.1038/ngeo381},
}

@article{Smith2012,
author = {Smith, Karen L. and Kushner, Paul J.},
title = {Linear interference and the initiation of extratropical stratosphere-troposphere interactions},
journal = {Journal of Geophysical Research: Atmospheres},
volume = {117},
number = {D13},
pages = {},
keywords = {annular modes, stationary waves, stratosphere-tropshere interactions, stratospheric sudden warmings, stratospheric variability},
doi = {10.1029/2012JD017587},
year = {2012}
}

@article{Manzini2006,
    author = {Manzini, E. and Giorgetta, M. A. and Esch, M. and Kornblueh, L. and Roeckner, E.},
    title = "{The Influence of Sea Surface Temperatures on the Northern Winter Stratosphere: Ensemble Simulations with the MAECHAM5 Model}",
    journal = {Journal of Climate},
    volume = {19},
    number = {16},
    pages = {3863-3881},
    year = {2006},
    doi = {10.1175/JCLI3826.1},
}

@article{Domeison2015,
    author = {Domeisen, Daniela I. V. and Butler, Amy H. and Fröhlich, Kristina and Bittner, Matthias and Müller, Wolfgang A. and Baehr, Johanna},
    title = "{Seasonal Predictability over Europe Arising from El Niño and Stratospheric Variability in the MPI-ESM Seasonal Prediction System}",
    journal = {Journal of Climate},
    volume = {28},
    number = {1},
    pages = {256-271},
    year = {2014},
    doi = {10.1175/JCLI-D-14-00207.1},
}

@article{Richter2015,
author = {Richter, J. and Deser, C. and Sun, L.},
year = {2015},
volume = {10},
number = {12},
pages = {124021},
title = {Effects of stratospheric variability on El Ni{\~{n}}o teleconnections},
journal = {Environmental Research Letters},
doi = {10.1088/1748-9326/10/12/124021}
}

@article{Bell2009,
author = {Bell, C. J. and Gray, L. J. and Charlton-Perez, A. J. and Joshi, M. M. and Scaife, A. A.},
title = {Stratospheric Communication of El Niño Teleconnections to European Winter},
journal = {Journal of Climate},
volume = {22},
number = {15},
pages = {4083-4096},
year = {2009},
doi = {10.1175/2009JCLI2717.1},
}

@article{deser2017,
author = {Deser, Clara and Simpson, Isla R. and McKinnon, Karen A. and Phillips, Adam S.},
title = {The Northern Hemisphere Extratropical Atmospheric Circulation Response to ENSO: How Well Do We Know It and How Do We Evaluate Models Accordingly?},
journal = {Journal of Climate},
volume = {30},
number = {13},
pages = {5059-5082},
year = {2017},
doi = {10.1175/JCLI-D-16-0844.1},
}

@article{Iza2016,
author = {Iza, Maddalen and Calvo, Natalia and Manzini, Elisa},
title = "{The Stratospheric Pathway of La Niña}",
journal = {Journal of Climate},
volume = {29},
number = {24},
pages = {8899-8914},
year = {2016},
doi = {10.1175/JCLI-D-16-0230.1},
}

@article{Rao2017,
author = {Rao, Jian and Ren, Rongcai},
year = {2017},
pages = {},
title = {Varying stratospheric responses to tropical Atlantic SST forcing from early to late winter},
journal = {Climate Dynamics},
doi = {10.1007/s00382-017-3998-x}
}

@article{Rao2015,
author = {Rao, Jian and Ren, Rongcai},
year = {2015},
pages = {},
title = {A decomposition of ENSO's impacts on the northern winter stratosphere: Competing effect of SST forcing in the tropical Indian Ocean},
volume = {46},
journal = {Climate Dynamics},
doi = {10.1007/s00382-015-2797-5}
}

@article{Zhang2019,
author = {Zhang, Wei and Kirtman, Ben},
title = {Estimates of Decadal Climate Predictability From an Interactive Ensemble Model},
journal = {Geophysical Research Letters},
volume = {46},
number = {6},
pages = {3387-3397},
doi = {10.1029/2018GL081307},
year = {2019}
}

@article{Charney1961,
author = {Charney, J G and Drazin, P G I},
doi = {doi:10.1029/JZ066i001p00083},
journal = {Journal of Geophysical Research},
number = {1},
pages = {83--109},
title = {{Propagation of Planetary-Scale Disturbances from the Lower into the Upper Atmosphere}},
volume = {66},
year = {1961}
}

@article{Baldwin98,
author = {Baldwin, Mark P. and Dunkerton, Timothy J.},
title = {Quasi-biennial modulation of the southern hemisphere stratospheric polar vortex},
journal = {Geophysical Research Letters},
volume = {25},
number = {17},
pages = {3343-3346},
doi = {10.1029/98GL02445},
year = {1998}
}

@article{Mulcahy2018,
author = {Mulcahy, J. P. and Jones, C. and Sellar, A. and Johnson, B. and Boutle, I. A. and Jones, A. and Andrews, T. and Rumbold, S. T. and Mollard, J. and Bellouin, N. and Johnson, C. E. and Williams, K. D. and Grosvenor, D. P. and McCoy, D. T.},
doi = {10.1029/2018MS001464},
journal = {Journal of Advances in Modeling Earth Systems},
title = {{Improved Aerosol Processes and Effective Radiative Forcing in HadGEM3 and UKESM1}},
year = {2018}
}

@article{Walters2011,
author = {Walters, D. N. and Best, M. J. and Bushell, A. C. and Copsey, D. and Edwards, J. M. and Falloon, P. D. and Harris, C. M. and Lock, A. P. and Manners, J. C. and Morcrette, C. J. and Roberts, M. J. and Stratton, R. A. and Webster, S. and Wilkinson, J. M. and Willett, M. R. and Boutle, I. A. and Earnshaw, P. D. and Hill, P. G. and MacLachlan, C. and Martin, G. M. and Moufouma-Okia, W. and Palmer, M. D. and Petch, J. C. and Rooney, G. G. and Scaife, A. A. and Williams, K. D.},
doi = {10.5194/gmd-4-919-2011},
journal = {Geoscientific Model Development},
number = {4},
pages = {919--941},
title = {{The Met Office Unified Model Global Atmosphere 3.0/3.1 and JULES Global Land 3.0/3.1 configurations}},
volume = {4},
year = {2011}
}

@article{Storkey2018,
author = {Storkey, David and Blaker, Adam and Mathiot, Pierre and Megann, Alex and Aksenov, Yevgeny and W. Blockley, Edward and Calvert, Daley and Graham, Tim and Hewitt, Helene and Hyder, Patrick and Kuhlbrodt, Till and G. L. Rae, Jamie and Sinha, Bablu},
year = {2018},
pages = {1-43},
title = {UK Global Ocean GO6 and GO7: a traceable hierarchy of model resolutions},
journal = {Geoscientific Model Development Discussions},
doi = {10.5194/gmd-2017-263}
}


@Article{Ridley2018,
AUTHOR = {Ridley, J. K. and Blockley, E. W. and Keen, A. B. and Rae, J. G. L. and West, A. E. and Schroeder, D.},
TITLE = {The sea ice model component of HadGEM3-GC3.1},
JOURNAL = {Geoscientific Model Development},
VOLUME = {11},
YEAR = {2018},
NUMBER = {2},
PAGES = {713--723},
DOI = {10.5194/gmd-11-713-2018}
}

@article{Williams2018,
author = {Williams, K. D. and Copsey, D. and Blockley, E. W. and Bodas-Salcedo, A. and Calvert, D. and Comer, R. and Davis, P. and Graham, T. and Hewitt, H. T. and Hill, R. and Hyder, P. and Ineson, S. and Johns, T. C. and Keen, A. B. and Lee, R. W. and Megann, A. and Milton, S. F. and Rae, J. G. L. and Roberts, M. J. and Scaife, A. A. and Schiemann, R. and Storkey, D. and Thorpe, L. and Watterson, I. G. and Walters, D. N. and West, A. and Wood, R. A. and Woollings, T. and Xavier, P. K.},
title = {The Met Office Global Coupled Model 3.0 and 3.1 (GC3.0 and GC3.1) Configurations},
journal = {Journal of Advances in Modeling Earth Systems},
volume = {10},
number = {2},
pages = {357-380},
doi = {10.1002/2017MS001115},
year = {2018}
}

@article{Yool2013,
author = {Yool, A. and Popova, E. E. and Anderson, T. R.},
doi = {10.5194/gmd-6-1767-2013},
file = {::},
issn = {1991959X},
journal = {Geoscientific Model Development},
title = {{MEDUSA-2.0: An intermediate complexity biogeochemical model of the marine carbon cycle for climate change and ocean acidification studies}},
year = {2013}
}

@Article{Walters2019,
AUTHOR = {Walters, D. and Baran, A. J. and Boutle, I. and Brooks, M. and Earnshaw, P. and Edwards, J. and Furtado, K. and Hill, P. and Lock, A. and Manners, J. and Morcrette, C. and Mulcahy, J. and Sanchez, C. and Smith, C. and Stratton, R. and Tennant, W. and Tomassini, L. and Van Weverberg, K. and Vosper, S. and Willett, M. and Browse, J. and Bushell, A. and Carslaw, K. and Dalvi, M. and Essery, R. and Gedney, N. and Hardiman, S. and Johnson, B. and Johnson, C. and Jones, A. and Jones, C. and Mann, G. and Milton, S. and Rumbold, H. and Sellar, A. and Ujiie, M. and Whitall, M. and Williams, K. and Zerroukat, M.},
TITLE = {The Met Office Unified Model Global Atmosphere 7.0/7.1 and JULES Global Land 7.0 configurations},
JOURNAL = {Geoscientific Model Development},
VOLUME = {12},
YEAR = {2019},
NUMBER = {5},
PAGES = {1909--1963},
DOI = {10.5194/gmd-12-1909-2019}
}

@article{Dee2011,
author = {Dee, D. P. and Uppala, S. M. and Simmons, A. J. and Berrisford, P. and Poli, P. and Kobayashi, S. and Andrae, U. and Balmaseda, M. A. and Balsamo, G. and Bauer, P. and Bechtold, P. and Beljaars, A. C.M. and van de Berg, L. and Bidlot, J. and Bormann, N. and Delsol, C. and Dragani, R. and Fuentes, M. and Geer, A. J. and Haimberger, L. and Healy, S. B. and Hersbach, H. and H{\'{o}}lm, E. V. and Isaksen, L. and K{\aa}llberg, P. and K{\"{o}}hler, M. and Matricardi, M. and Mcnally, A. P. and Monge-Sanz, B. M. and Morcrette, J. J. and Park, B. K. and Peubey, C. and de Rosnay, P. and Tavolato, C. and Th{\'{e}}paut, J. N. and Vitart, F.},
doi = {10.1002/qj.828},
journal = {Quarterly Journal of the Royal Meteorological Society},
number = {656},
pages = {553--597},
title = {{The ERA-Interim reanalysis: Configuration and performance of the data assimilation system}},
volume = {137},
year = {2011}
}

@article{Scaife2016,
author = {Scaife, Adam A. and Comer, Ruth E. and Dunstone, Nick J. and Knight, Jeff R. and Smith, Doug M. and MacLachlan, Craig and Martin, Nicola and Peterson, K. Andrew and Rowlands, Dan and Carroll, Edward B. and Belcher, Stephen and Slingo, Julia},
title = {Tropical rainfall, Rossby waves and regional winter climate predictions},
journal = {Quarterly Journal of the Royal Meteorological Society},
volume = {143},
number = {702},
pages = {1-11},
doi = {10.1002/qj.2910},
year = {2017}
}

@article{Trenberth2001,
    author = {Trenberth, Kevin E. and Stepaniak, David P.},
    title = "{Indices of El Niño Evolution}",
    journal = {Journal of Climate},
    volume = {14},
    number = {8},
    pages = {1697-1701},
    year = {2001},
    doi = {10.1175/1520-0442}
}

@article{Bushell2020,
author = {Bushell, A. C. and Anstey, J. A. and Butchart, N. and Kawatani, Y. and Osprey, S. M. and Richter, J. H. and Serva, F. and Braesicke, P. and Cagnazzo, C. and Chen, C.-C. and Chun, H.-Y. and Garcia, R. R. and Gray, L. J. and Hamilton, K. and Kerzenmacher, T. and Kim, Y.-H. and Lott, F. and McLandress, C. and Naoe, H. and Scinocca, J. and Smith, A. K. and Stockdale, T. N. and Versick, S. and Watanabe, S. and Yoshida, K. and Yukimoto, S.},
title = {Evaluation of the Quasi-Biennial Oscillation in global climate models for the SPARC QBO-initiative},
journal = {Quarterly Journal of the Royal Meteorological Society},
keywords = {general circulation models, gravity waves, Quasi-Biennial Oscillation, stratosphere, tropical  variability},
doi = {10.1002/qj.3765},
year = 2020,
pages = {1-31}
}

@article{Baldwin2001,
doi = {10.1029/1999RG000073},
author = {Baldwin, M. P. and Gray, L. J. and Dunkerton, T. J. and Hamilton, K. and Haynes, P. H. and Randel, W. J. and Holton, J. R. and Alexander, M. J. and Hirota, I. and Horinouchi, T. and Jones, D. B. A. and Kinnersley, J. S. and Marquardt, C. and Sato, K. and Takahashi, M.},
journal = {Reviews of Geophysics},
number = {2},
pages = {179--229},
title = {{The quasi-biennial oscillation}},
volume = {39},
year = {2001}
}


@article{Kawatani2016,
doi = {10.5194/acp-16-6681-2016},
journal = {Atmospheric Chemistry and Physics},
number = {11},
author = {Kawatani, Y.},
pages = {6681--6699},
title = {Representation of the tropical stratospheric zonal wind in global atmospheric reanalyses},
volume = {16},
year = {2016}
}

@article{Santoso2017,
author = {Santoso, Agus and Mcphaden, Michael J. and Cai, Wenju},
title = {The Defining Characteristics of ENSO Extremes and the Strong 2015/2016 El Niño},
journal = {Reviews of Geophysics},
volume = {55},
number = {4},
pages = {1079-1129},
keywords = {ENSO, El Nino, La Nina, greenhouse warming, extremes, Pacific},
doi = {10.1002/2017RG000560},
year = {2017}
}


@article{ayarzag2020,
 title={Uncertainty in the response of sudden stratospheric warmings and stratosphere-troposphere coupling to quadrupled CO2 concentrations in CMIP6 models},
 author={Ayarzagüena, Blanca and Charlton-Perez, Andrew and Butler, Amy and Hitchcock, Peter and Simpson, Isla and Polvani, Lorenzo and Butchart, Neal and Gerber, Edwin and Gray, Lesley and Hassler, Birgit},
volume={125},
number={6},
year={2020},
pages = {103-121}
}


@Article{Grinstead2004,
AUTHOR = {Grinsted, A. and Moore, J. C. and Jevrejeva, S.},
TITLE = {Application of the cross wavelet transform and wavelet coherence to geophysical time series},
JOURNAL = {Nonlinear Processes in Geophysics},
VOLUME = {11},
YEAR = {2004},
NUMBER = {5/6},
PAGES = {561--566},
DOI = {10.5194/npg-11-561-2004}
}

@article{Anstey20,
author = {Anstey, James A. and Butchart, Neal and Hamilton, Kevin and Osprey, Scott M.},
title = {The SPARC Quasi-Biennial Oscillation initiative},
journal = {Quarterly Journal of the Royal Meteorological Society},
year = 2020,
pages = {1-4},
keywords = {WCRP–SPARC, stratosphere, quasi-biennial oscillation, gravity waves, climate modelling},
doi = {10.1002/qj.3820},
}

@ARTICLE{Gruzdez2000,
author = {{Gruzdev}, Aleksandr N. and {Bezverkhny}, Vyacheslav A.},
title = "{Two regimes of the quasi-biennial oscillation in the equatorial stratospheric wind}",
journal = {\jgr},
year = 2000,
volume = {105},
number = {D24},
pages = {29435-29444},
doi = {10.1029/2000JD900495},
}

@article{Kylash2015,
author = {Rajendran, Kylash and Moroz, Irene and Read, Peter and Osprey, Scott},
year = {2015},
title = {Synchronisation of the equatorial QBO by the annual cycle in tropical upwelling in a warming climate},
journal = {Quarterly Journal of the Royal Meteorological Society},
doi = {10.1002/qj.2714}
}

@article{Lau1995,
    author = {Lau, K.-M. and Weng, Hengyi},
    title = "{Climate Signal Detection Using Wavelet Transform: How to Make a Time Series Sing}",
    journal = {Bulletin of the American Meteorological Society},
    volume = {76},
    number = {12},
    pages = {2391-2402},
    year = {1995},
    doi = {10.1175/1520-0477},
}

@article{Lu14,
author = {Lu, Hua and Bracegirdle, Thomas J. and Phillips, Tony and Bushell, Andrew and Gray, Lesley},
title = {Mechanisms for the Holton-Tan relationship and its decadal variation},
journal = {Journal of Geophysical Research: Atmospheres},
volume = {119},
number = {6},
pages = {2811-2830},
doi = {10.1002/2013JD021352},
year = {2014}
}

@article{gray2020,
author = {Gray, L and Brown, M and Knight, J and Andrews, M and Lu, H and O'Reilly, C and Anstey, J},
year = {2020},
pages = {4630},
title = {Forecasting extreme stratospheric polar vortex events},
volume = {11},
journal = {Nature communications},
doi = {10.1038/s41467-020-18299-7}
}

@article{Yool20,
author = {Yool, A. and Palmiéri, J. and Jones, C. G. and Sellar, A. A. and de Mora, L. and Kuhlbrodt, T. and Popova, E. E. and Mulcahy, J. P. and Wiltshire, A. and Rumbold, S. T. and Stringer, M. and Hill, R. S. R. and Tang, Y. and Walton, J. and Blaker, A. and Nurser, A. J. G. and Coward, A. C. and Hirschi, J. and Woodward, S. and Kelley, D. I. and Ellis, R. and Rumbold-Jones, S.},
title = {Spin-up of UK Earth System Model 1 (UKESM1) for CMIP6},
journal = {Journal of Advances in Modeling Earth Systems},
volume = {12},
number = {8},
keywords = {Earth system model, spin-up, CMIP6, carbon cycle, equilibrium},
doi = {10.1029/2019MS001933},
year = {2020}
}


@article{garfinkel20,
  title = {Predictability of the Early Winter {{Arctic}} Oscillation from Autumn {{Eurasian}} Snowcover in Subseasonal Forecast Models},
  author = {Garfinkel, Chaim and Schwartz, Chen and White, Ian and Rao, Jian},
  year = {2020},
  month = aug,
  volume = {55},
  doi = {10.1007/s00382-020-05305-3},
  journal = {Climate Dynamics}
}

@article{baldwin2020,
author = {Baldwin, Mark and Ayarzagüena, Blanca and Birner, Thomas and Butchart, Neal and Charlton-Perez, Andrew and Butler, Amy and Domeisen, Daniela and Garfinkel, Chaim and Garny, Hella and Gerber, Edwin and Hegglin, Michaela and Langematz, U. and Pedatella, Nicholas},
year = {2021},
journal = {Reviews of Geophysics},
title = {Sudden Stratospheric Warmings},
volume = {59},
number = {1},
doi = {http://doi.org/10.1029/2020RG000708}
}

@article{Anstey2014,
author = {Anstey, James A. and Shepherd, Theodore G.},
journal = {Quarterly Journal of the Royal Meteorological Society},
doi = {10.1002/qj.2132},
number = {678},
pages = {1--21},
title = {{High-latitude influence of the quasi-biennial oscillation}},
volume = {140},
year = {2014}
}

@article{doi:10.1029/2020JD033271,
author = {Lawrence, Zachary D. and Perlwitz, Judith and Butler, Amy H. and Manney, Gloria L. and Newman, Paul A. and Lee, Simon H. and Nash, Eric R.},
title = {The Remarkably Strong Arctic Stratospheric Polar Vortex of Winter 2020: Links to Record-Breaking Arctic Oscillation and Ozone Loss},
journal = {Journal of Geophysical Research: Atmospheres},
volume = {n/a},
number = {n/a},
pages = {e2020JD033271},
keywords = {stratospheric polar vortex, Arctic Oscillation, stratospheric ozone, downward wave coupling, planetary waves},
doi = {10.1029/2020JD033271}
}

@article{OspEA10,
  title={The climatology of the middle atmosphere in a vertically extended version of the Met Office’s climate model. Part II: Variability},
  author={Osprey, Scott M and Gray, Lesley J and Hardiman, Steven C and Butchart, Neal and Bushell, Andrew C and Hinton, Tim J},
  journal={Journal of the atmospheric sciences},
  volume={67},
  number={11},
  pages={3637--3651},
  year={2010}
}

@article{ayarzaguena2018,
  title={Stratospheric role in interdecadal changes of El Niño impacts over Europe},
  author={Osprey, Scott M and Gray, Lesley J and Hardiman, Steven C and Butchart, Neal and Bushell, Andrew C and Hinton, Tim J},
  journal={Clim Dyn},
  volume={52},
  pages={1173–-1186},
  year={2019}
}

@article{Domeison2019-1,
author = {Domeisen, Daniela I.V. and Butler, Amy H. and Charlton-Perez, Andrew J. and Ayarzagüena, Blanca and Baldwin, Mark P. and Dunn-Sigouin, Etienne and Furtado, Jason C. and Garfinkel, Chaim I. and Hitchcock, Peter and Karpechko, Alexey Yu. and Kim, Hera and Knight, Jeff and Lang, Andrea L. and Lim, Eun-Pa and Marshall, Andrew and Roff, Greg and Schwartz, Chen and Simpson, Isla R. and Son, Seok-Woo and Taguchi, Masakazu},
title = {The Role of the Stratosphere in Subseasonal to Seasonal Prediction: 1. Predictability of the Stratosphere},
journal = {Journal of Geophysical Research: Atmospheres},
volume = {125},
number = {2},
pages = {e2019JD030920},
keywords = {stratosphere, sub-seasonal predictability, S2S database, sudden stratospheric warming},
doi = {https://doi.org/10.1029/2019JD030920},
year = {2020}
}



@article{Domeison2019-2,
author = {Domeisen, Daniela I. V. and Butler, Amy H. and Charlton-Perez, Andrew J. and Ayarzagüena, Blanca and Baldwin, Mark P. and Dunn-Sigouin, Etienne and Furtado, Jason C. and Garfinkel, Chaim I. and Hitchcock, Peter and Karpechko, Alexey Yu. and Kim, Hera and Knight, Jeff and Lang, Andrea L. and Lim, Eun-Pa and Marshall, Andrew and Roff, Greg and Schwartz, Chen and Simpson, Isla R. and Son, Seok-Woo and Taguchi, Masakazu},
title = {The Role of the Stratosphere in Subseasonal to Seasonal Prediction: 2. Predictability Arising From Stratosphere-Troposphere Coupling},
journal = {Journal of Geophysical Research: Atmospheres},
volume = {125},
number = {2},
pages = {e2019JD030923},
keywords = {stratosphere, sub-seasonal predictability, S2S database, sudden stratospheric warming, stratosphere - troposphere coupling, North Atlantic Oscillation},
doi = {https://doi.org/10.1029/2019JD030923},
url = {https://agupubs.onlinelibrary.wiley.com/doi/abs/10.1029/2019JD030923},
year = {2020}
}

@article{Charlton2007,
author = {Charlton, A.J. and Polvani,  L.M. and Perlwitz, J. and Sassi, F. and Manzini, E. and Shibata, K. and Pawson, S. and Nielsen, J.E. and Rind , D.},
year = {2007},
title = {A new look at stratospheric sudden warmings. Part II: Evaluation of numerical model simulations},
volume = {10},
pages = {470–488},
journal = {Journal of Climate},
doi = {doi:10.1175/JCLI3994.1.}
}

@article{Lehtonen,
author = {Lehtonen, Ilari and Karpechko, Alexey Yu.},
title = {Observed and modeled tropospheric cold anomalies associated with sudden stratospheric warmings},
journal = {Journal of Geophysical Research: Atmospheres},
volume = {121},
number = {4},
pages = {1591-1610},
year = {2016}
}

@article{Garfinkel2015,
author = {Garfinkel, C. I. and Hurwitz, M. M. and Oman, L. D.},
title = {Effect of recent sea surface temperature trends on the Arctic stratospheric vortex},
journal = {Journal of Geophysical Research: Atmospheres},
volume = {120},
number = {11},
pages = {5404-5416},
year = {2015}
}

@article{Garfinkel2018,
author = {Garfinkel, Chaim I. and Schwartz, Chen and Domeisen, Daniela I. V. and Son, Seok-Woo and Butler, Amy H. and White, Ian P.},
title = {Extratropical Atmospheric Predictability From the Quasi-Biennial Oscillation in Subseasonal Forecast Models},
journal = {Journal of Geophysical Research: Atmospheres},
volume = {123},
number = {15},
pages = {7855-7866},
keywords = {Quasi-Biennial Oscillation, month-ahead prediction, polar vortex, annular modes},
year = {2018}
}

@ARTICLE{Taguchi2006,
author = {{Taguchi}, Masakazu and {Hartmann}, Dennis L.},
title = {Increased Occurrence of Stratospheric Sudden Warmings during El Ni{\~n}o as Simulated by WACCM},
journal = {Journal of Climate},
year = 2006,
volume = {19},
number = {3},
pages = {324},
}

@article{Garfinkel2010,
author = {Garfinkel, Chaim and Hartmann, Dennis and Sassi, Fabrizio},
year = {2010},
pages = {3282-3299},
title = {Tropospheric Precursors of Anomalous Northern Hemisphere Stratospheric Polar Vortices},
volume = {23},
issue = {12},
journal = {Journal of Climate - J CLIMATE},
doi = {10.1175/2010JCLI3010.1}
}

@article{Fletcher_model,
author = {Fletcher, Christopher G. and Kushner, Paul J.},
title = {Linear interference and the Northern Annular Mode response to tropical SST forcing: Sensitivity to model configuration},
journal = {Journal of Geophysical Research: Atmospheres},
volume = {118},
number = {10},
pages = {4267-4279},
keywords = {teleconnections, tropical sea surface temperature, el nino, planetary wave, northern annular mode, winter},
doi = {https://doi.org/10.1002/jgrd.50385},
year = {2013}
}

@article {Fletcher,
author = {Christopher G. Fletcher and Paul J. Kushner},
title = {The Role of Linear Interference in the Annular Mode Response to Tropical SST Forcing},
journal = {Journal of Climate},
year = {2011},
publisher = {American Meteorological Society},
volume = {24},
number = {3},
pages= {778 - 794}}


@article{Thompson2002,
author = {Thompson, D. W. J.},
year = {2003},
month = {07},
pages = {2433-2433},
title = {Stratospheric connection to northern hemisphere wintertime weather: Implications for prediction},
volume = {16},
journal = {Journal of Climate}
}

@article {Horan2017,
author = {Matthew F. Horan and Thomas Reichler},
title = {Modeling Seasonal Sudden Stratospheric Warming Climatology Based on Polar Vortex Statistics},
journal = {Journal of Climate},
year = {2017},
publisher = {American Meteorological Society},
volume = {30},
number = {24},
pages= {10101 - 10116}}

@article{Cohen2007,
author = {Cohen, Judah and Barlow, Mathew and Kushner, Paul and Saito, Kazuyuki},
year = {2007},
pages = {},
title = {Stratosphere Troposphere Coupling and Links with Eurasian Land Surface Variability},
volume = {20},
journal = {Journal of Climate - J CLIMATE},
doi = {10.1175/2007JCLI1725.1}
}

@article{Henderson2018,
author = {Henderson, Gina and Peings, Yannick and Furtado, Jason and Kushner, Paul},
year = {2018},
pages = {},
title = {Snow–atmosphere coupling in the Northern Hemisphere},
volume = {8},
journal = {Nature Climate Change},
doi = {10.1038/s41558-018-0295-6}
}

@article{Kim2020,
author = {Kim, Jinju and Kim, Kwang-Yul},
year = {2020},
pages = {},
title = {Characteristics of stratospheric polar vortex fluctuations associated with sea ice variability in the Arctic winter},
volume = {54},
journal = {Climate Dynamics},
doi = {10.1007/s00382-020-05191-9}
}

@article{Nakamura2016,
author = {Nakamura, Tetsu and Yamazaki, Koji and Iwamoto, Katsushi and Honda, Meiji and Miyoshi, Yasunobu and Ogawa, Yasunobu and Tomikawa, Yoshihiro and Ukita, Jinro},
title = {The stratospheric pathway for Arctic impacts on midlatitude climate},
journal = {Geophysical Research Letters},
volume = {43},
number = {7},
pages = {3494-3501},
keywords = {Arctic sea ice reduction, Arctic Oscillation, severe weather, polar amplification, polar vortex weakening, wave mean flow interaction},
year = {2016}
}

@article{Hirota2018,
author = {Hirota, Nagio and Shiogama, Hideo and Akiyoshi, Hideharu and Ogura, T. and Takahashi, M. and Kawatani, Y. and Kimoto, M. and Mori, Masato},
year = {2018},
pages = {},
title = {The influences of El Nino and Arctic sea-ice on the QBO disruption in February 2016},
volume = {1},
journal = {npj Climate and Atmospheric Science},
doi = {10.1038/s41612-018-0020-1}
}

@article{labe2019,
author = {Labe, Zachary and Peings, Yannick and Magnusdottir, Gudrun},
title = {The Effect of QBO Phase on the Atmospheric Response to Projected Arctic Sea Ice Loss in Early Winter},
journal = {Geophysical Research Letters},
volume = {46},
number = {13},
pages = {7663-7671},
keywords = {QBO, climate variability, Arctic sea ice, polar vortex, Northern Annular Mode, teleconnection},
year = {2019}
}

@article {cohen2009,
author = {Cohen, J. and Barlow, M. and Saito, K.},
title = {Decadal Fluctuations in Planetary Wave Forcing Modulate Global Warming in Late Boreal Winter},
journal = {Journal of Climate},
year = {2009},
publisher = {American Meteorological Society},
volume = {22},
number = {16},
doi = {10.1175/2009JCLI2931.1},
pages = {4418 - 4426},
}

@article{Ayarz2020,
author = {Ayarzagüena, B. and Charlton-Perez, A. J. and Butler, A. H. and Hitchcock, P. and Simpson, I. R. and Polvani, L. M. and Butchart, N. and Gerber, E. P. and Gray, L. and Hassler, B. and Lin, P. and Lott, F. and Manzini, E. and Mizuta, R. and Orbe, C. and Osprey, S. and Saint-Martin, D. and Sigmond, M. and Taguchi, M. and Volodin, E. M. and Watanabe, S.},
title = {Uncertainty in the Response of Sudden Stratospheric Warmings and Stratosphere-Troposphere Coupling to Quadrupled CO2 Concentrations in CMIP6 Models},
journal = {Journal of Geophysical Research: Atmospheres},
volume = {125},
number = {6},
pages = {},
keywords = {sudden stratospheric warming, CMIP6, stratosphere-troposphere coupling, climate change},
year = {2020}
}

@article{Chen2020,
author = {Chen, Shangfeng and Chen, Wen and Wu, Renguang and Yu, Bin and Graf, Hans-F},
year = {2020},
pages = {},
title = {Potential impact of preceding Aleutian Low variation on the El Niño-Southern Oscillation during the following winter},
volume = {33},
journal = {Journal of Climate},
doi = {10.1175/JCLI-D-19-0717.1}
}

@article{Mantua_1997,
author = {Mantua, Nathan and Hare, Steven and Zhang, Yuan and Wallace, John and Francis, Robert},
year = {1997},
pages = {1069-1079},
title = {A Pacific Interdecadal Climate Oscillation with Impacts on Salmon Production},
volume = {78},
journal = {Bulletin of the American Meteorological Society},
doi = {10.1175/1520-0477(1997)078\%3C1069:APICOW\%3E2.0.CO;2}
}

@ARTICLE{Rodionov2005,
author = {{Rodionov}, S.~N. and {Overland}, J.~E. and {Bond}, N.~A.},
title = "{The Aleutian Low and Winter Climatic Conditions in the Bering Sea. Part I: Classification}",
journal = {Journal of Climate},
 year = 2005,
volume = {18},
number = {1},
pages = {160-177},
doi = {10.1175/JCLI3253.1},
}

@article {Newman2016,
author = {Matthew Newman and Michael A. Alexander and Toby R. Ault and Kim M. Cobb and Clara Deser and Emanuele Di Lorenzo and Nathan J. Mantua and Arthur J. Miller and Shoshiro Minobe and Hisashi Nakamura and Niklas Schneider and Daniel J. Vimont and Adam S. Phillips and James D. Scott and Catherine A. Smith},
title = {The Pacific Decadal Oscillation, Revisited},
journal = {Journal of Climate},
year = 2016,
volume = 29,
number = 12,
pages= {4399 - 4427},
}


@article {Rao2020,
      author = "Jian Rao and Chaim I. Garfinkel and Ian P. White",
      title = "Impact of the Quasi-Biennial Oscillation on the Northern Winter Stratospheric Polar Vortex in CMIP5/6 Models",
      journal = "Journal of Climate",
      year = "2020",
      publisher = "American Meteorological Society",
      address = "Boston MA, USA",
      volume = "33",
      number = "11",
      doi = "10.1175/JCLI-D-19-0663.1",
      pages=      "4787 - 4813",
      url = "https://journals.ametsoc.org/view/journals/clim/33/11/jcli-d-19-0663.1.xml"
}

@article{rao2019,
author = {Rao, Jian and Ren, Rongcai and Xia, Xin and Shi, Chunhua and Guo, Dong},
year = {2019},
pages = {211},
title = {Combined Impact of El Niño–Southern Oscillation and Pacific Decadal Oscillation on the Northern Winter Stratosphere},
volume = {10},
journal = {Atmosphere},
doi = {10.3390/atmos10040211}
}

@article{Tomassini2012,
author = {Tomassini, Lorenzo and Gerber, Edwin P. and Baldwin, Mark P. and Bunzel, Felix and Giorgetta, Marco},
title = {The role of stratosphere-troposphere coupling in the occurrence of extreme winter cold spells over northern Europe},
journal = {Journal of Advances in Modeling Earth Systems},
volume = {4},
number = {4},
pages = {},
doi = {https://doi.org/10.1029/2012MS000177},
year = {2012}
}

@article{Krzywinski,
author = {Krzywinski, M & Altman, N},
title = {Multiple linear regression},
journal = {Nature Methods},
volume = {12},
pages = {1103–1104},
year = {2015}
}

@article{Andrews2020,
author = {Andrews, Martin B. and Ridley, Jeff K. and Wood, Richard A. and Andrews, Timothy and Blockley, Edward W. and Booth, Ben and Burke, Eleanor and Dittus, Andrea J. and Florek, Piotr and Gray, Lesley J. and Haddad, Stephen and Hardiman, Steven C. and Hermanson, Leon and Hodson, Dan and Hogan, Emma and Jones, Gareth S. and Knight, Jeff R. and Kuhlbrodt, Till and Misios, Stergios and Mizielinski, Matthew S. and Ringer, Mark A. and Robson, Jon and Sutton, Rowan T.},
title = {Historical Simulations With HadGEM3-GC3.1 for CMIP6},
journal = {Journal of Advances in Modeling Earth Systems},
volume = {12},
number = {6},
doi = {https://doi.org/10.1029/2019MS001995},
year = {2020}
}

@article{Menary2018,
author = {Menary, Matthew B. and Kuhlbrodt, Till and Ridley, Jeff and Andrews, Martin B. and Dimdore-Miles, Oscar B. and Deshayes, Julie and Eade, Rosie and Gray, Lesley and Ineson, Sarah and Mignot, Juliette and Roberts, Christopher D. and Robson, Jon and Wood, Richard A. and Xavier, Prince},
title = {Preindustrial Control Simulations With HadGEM3-GC3.1 for CMIP6},
journal = {Journal of Advances in Modeling Earth Systems},
volume = {10},
number = {12},
pages = {3049-3075},
doi = {https://doi.org/10.1029/2018MS001495},
year = {2018}
}

@article{Seviour2017,
author = {Seviour, William J. M.},
title = {Weakening and shift of the Arctic stratospheric polar vortex: Internal variability or forced response?},
journal = {Geophysical Research Letters},
volume = {44},
number = {7},
pages = {3365-3373},
doi = {https://doi.org/10.1002/2017GL073071},
year = {2017}
}


